@article{Hasan2010,
  title = {Colloquium: Topological insulators},
  author = {Hasan, M. Z. and Kane, C. L.},
  journal = {Rev. Mod. Phys.},
  volume = {82},
  issue = {4},
  pages = {3045--3067},
  numpages = {0},
  year = {2010},
  month = {Nov},
  publisher = {American Physical Society},
  doi = {10.1103/RevModPhys.82.3045},
  url = {https://link.aps.org/doi/10.1103/RevModPhys.82.3045}
}
@article{Qi2011,
  title = {Topological insulators and superconductors},
  author = {Qi, Xiao-Liang and Zhang, Shou-Cheng},
  journal = {Rev. Mod. Phys.},
  volume = {83},
  issue = {4},
  pages = {1057--1110},
  numpages = {0},
  year = {2011},
  month = {Oct},
  publisher = {American Physical Society},
  doi = {10.1103/RevModPhys.83.1057},
  url = {https://link.aps.org/doi/10.1103/RevModPhys.83.1057}
}
@article{Mingda2017,
  title = {Dirac-electron-mediated magnetic proximity effect in topological insulator/magnetic insulator heterostructures},
  author = {Li, Mingda and Song, Qichen and Zhao, Weiwei and Garlow, Joseph A. and Liu, Te-Huan and Wu, Lijun and Zhu, Yimei and Moodera, Jagadeesh S. and Chan, Moses H. W. and Chen, Gang and Chang, Cui-Zu},
  journal = {Phys. Rev. B},
  volume = {96},
  issue = {20},
  pages = {201301},
  numpages = {5},
  year = {2017},
  month = {Nov},
  publisher = {American Physical Society},
  doi = {10.1103/PhysRevB.96.201301},
  url = {https://link.aps.org/doi/10.1103/PhysRevB.96.201301}
}

@article{chang2013,
  title={Experimental observation of the quantum anomalous Hall effect in a magnetic topological insulator},
  author={Chang, Cui-Zu and Zhang, Jinsong and Feng, Xiao and Shen, Jie and Zhang, Zuocheng and Guo, Minghua and Li, Kang and Ou, Yunbo and Wei, Pang and Wang, Li-Li and others},
  journal={Science},
  volume={340},
  number={6129},
  pages={167--170},
  year={2013},
  publisher={American Association for the Advancement of Science}
}

@article{Qi2006,
  title = {General theorem relating the bulk topological number to edge states in two-dimensional insulators},
  author = {Qi, Xiao-Liang and Wu, Yong-Shi and Zhang, Shou-Cheng},
  journal = {Phys. Rev. B},
  volume = {74},
  issue = {4},
  pages = {045125},
  numpages = {10},
  year = {2006},
  month = {Jul},
  publisher = {American Physical Society},
  doi = {10.1103/PhysRevB.74.045125},
  url = {https://link.aps.org/doi/10.1103/PhysRevB.74.045125}
}
@article{sancho1985,
  title={Highly convergent schemes for the calculation of bulk and surface Green functions},
  author={Sancho, MP Lopez and Sancho, JM Lopez and Sancho, JM Lopez and Rubio, J},
  journal={Journal of Physics F: Metal Physics},
  volume={15},
  number={4},
  pages={851},
  year={1985},
  publisher={IOP Publishing}
}
@article{rortais2018,
  title={Spin-orbit coupling induced by bismuth doping in silicon thin films},
  author={Rortais, F and Lee, S and Ohshima, R and Dushenko, S and Ando, Y and Shiraishi, M},
  journal={Applied Physics Letters},
  volume={113},
  number={12},
  pages={122408},
  year={2018},
  publisher={AIP Publishing}
}
@article{WangJ2013,
  title = {Quantum Anomalous Hall Effect with Higher Plateaus},
  author = {Wang, Jing and Lian, Biao and Zhang, Haijun and Xu, Yong and Zhang, Shou-Cheng},
  journal = {Phys. Rev. Lett.},
  volume = {111},
  issue = {13},
  pages = {136801},
  numpages = {5},
  year = {2013},
  month = {Sep},
  publisher = {American Physical Society},
  doi = {10.1103/PhysRevLett.111.136801},
  url = {https://link.aps.org/doi/10.1103/PhysRevLett.111.136801}
}
@article{Jiang2012,
  title = {Quantum anomalous Hall effect with tunable Chern number in magnetic topological insulator film},
  author = {Jiang, Hua and Qiao, Zhenhua and Liu, Haiwen and Niu, Qian},
  journal = {Phys. Rev. B},
  volume = {85},
  issue = {4},
  pages = {045445},
  numpages = {8},
  year = {2012},
  month = {Jan},
  publisher = {American Physical Society},
  doi = {10.1103/PhysRevB.85.045445},
  url = {https://link.aps.org/doi/10.1103/PhysRevB.85.045445}
}
@article{novoselov2005two,
  title={Two-dimensional gas of massless Dirac fermions in graphene},
  author={Novoselov, Kostya S and Geim, Andre K and Morozov, SVb and Jiang, Da and Katsnelson, Michail I and Grigorieva, IVa and Dubonos, SVb and Firsov, and AA},
  journal={nature},
  volume={438},
  number={7065},
  pages={197},
  year={2005},
  publisher={Nature Publishing Group}
}
@article{novoselov2007rise,
  title={The rise of graphene},
  author={Novoselov, Konstantin S and Geim, AK},
  journal={Nat. Mater},
  volume={6},
  number={3},
  pages={183--191},
  year={2007}
}
@article{Kane2005,
  title = {${Z}_{2}$ Topological Order and the Quantum Spin Hall Effect},
  author = {Kane, C. L. and Mele, E. J.},
  journal = {Phys. Rev. Lett.},
  volume = {95},
  issue = {14},
  pages = {146802},
  numpages = {4},
  year = {2005},
  month = {Sep},
  publisher = {American Physical Society},
  doi = {10.1103/PhysRevLett.95.146802},
  url = {https://link.aps.org/doi/10.1103/PhysRevLett.95.146802}
}
@article{Castro2009,
  title = {The electronic properties of graphene},
  author = {Castro Neto, A. H. and Guinea, F. and Peres, N. M. R. and Novoselov, K. S. and Geim, A. K.},
  journal = {Rev. Mod. Phys.},
  volume = {81},
  issue = {1},
  pages = {109--162},
  numpages = {0},
  year = {2009},
  month = {Jan},
  publisher = {American Physical Society},
  doi = {10.1103/RevModPhys.81.109},
  url = {https://link.aps.org/doi/10.1103/RevModPhys.81.109}
}
@article{Kane2005_1,
  title = {Quantum Spin Hall Effect in Graphene},
  author = {Kane, C. L. and Mele, E. J.},
  journal = {Phys. Rev. Lett.},
  volume = {95},
  issue = {22},
  pages = {226801},
  numpages = {4},
  year = {2005},
  month = {Nov},
  publisher = {American Physical Society},
  doi = {10.1103/PhysRevLett.95.226801},
  url = {https://link.aps.org/doi/10.1103/PhysRevLett.95.226801}
}
@article{Haldane1988,
  title = {Model for a Quantum Hall Effect without Landau Levels: Condensed-Matter Realization of the "Parity Anomaly"},
  author = {Haldane, F. D. M.},
  journal = {Phys. Rev. Lett.},
  volume = {61},
  issue = {18},
  pages = {2015--2018},
  numpages = {0},
  year = {1988},
  month = {Oct},
  publisher = {American Physical Society},
  doi = {10.1103/PhysRevLett.61.2015},
  url = {https://link.aps.org/doi/10.1103/PhysRevLett.61.2015}
}
@article{Bansil2016,
  title = {Colloquium: Topological band theory},
  author = {Bansil, A. and Lin, Hsin and Das, Tanmoy},
  journal = {Rev. Mod. Phys.},
  volume = {88},
  issue = {2},
  pages = {021004},
  numpages = {37},
  year = {2016},
  month = {Jun},
  publisher = {American Physical Society},
  doi = {10.1103/RevModPhys.88.021004},
  url = {https://link.aps.org/doi/10.1103/RevModPhys.88.021004}
}
